@article{Patterson2012,
    title = {{Ancient admixture in human history}},
    year = {2012},
    journal = {Genetics},
    author = {Patterson, Nick and Moorjani, Priya and Luo, Yontao and Mallick, Swapan and Rohland, Nadin and Zhan, Yiping and Genschoreck, Teri and Webster, Teresa and Reich, David},
    number = {3},
    pages = {1065--1093},
    volume = {192},
    isbn = {0016-6731},
    doi = {10.1534/genetics.112.145037},
    issn = {00166731},
    pmid = {22960212},
    arxivId = {15334406}
}