@article{Cohen2016,
    title = {{Climate warming reduces fish production and benthic habitat in Lake Tanganyika, one of the most biodiverse freshwater ecosystems}},
    year = {2016},
    journal = {Proceedings of the National Academy of Sciences},
    author = {Cohen, Andrew S and Gergurich, Elizabeth L and Kraemer, Benjamin M and Mcglue, Michael M and Mcintyre, Peter B and Russell, James M and Simmons, Jack D and Swarzenski, Peter W},
    number = {34},
    pages = {9563--9568},
    volume = {113},
    doi = {10.1073/pnas.1603237113}
}